<?xml version="1.0" encoding="UTF-8"?>
  <record xmlns="http://www.loc.gov/MARC21/slim" type="Authority">
    <leader>00000nz  a2200000nc 4500</leader>
    <controlfield tag="001">115782435</controlfield>
    <controlfield tag="003">DE-101</controlfield>
    <controlfield tag="005">20191203102132.0</controlfield>
    <controlfield tag="008">971021n||aznnnaabn           | aaa    |c</controlfield>
    <datafield tag="024" ind1="7" ind2=" ">
      <subfield code="a">115782435</subfield>
      <subfield code="0">http://d-nb.info/gnd/115782435</subfield>
      <subfield code="2">gnd</subfield>
    </datafield>
    <datafield tag="035" ind1=" " ind2=" ">
      <subfield code="a">(DE-101)115782435</subfield>
    </datafield>
    <datafield tag="035" ind1=" " ind2=" ">
      <subfield code="a">(DE-588)115782435</subfield>
    </datafield>
    <datafield tag="035" ind1=" " ind2=" ">
      <subfield code="z">(DE-588a)115782435</subfield>
      <subfield code="9">v:zg</subfield>
    </datafield>
    <datafield tag="040" ind1=" " ind2=" ">
      <subfield code="a">DE-12</subfield>
      <subfield code="c">DE-12</subfield>
      <subfield code="9">r:DE-12</subfield>
      <subfield code="b">ger</subfield>
      <subfield code="d">0547</subfield>
    </datafield>
    <datafield tag="042" ind1=" " ind2=" ">
      <subfield code="a">gnd1</subfield>
    </datafield>
    <datafield tag="043" ind1=" " ind2=" ">
      <subfield code="c">XA-DE</subfield>
    </datafield>
    <datafield tag="075" ind1=" " ind2=" ">
      <subfield code="b">p</subfield>
      <subfield code="2">gndgen</subfield>
    </datafield>
    <datafield tag="075" ind1=" " ind2=" ">
      <subfield code="b">piz</subfield>
      <subfield code="2">gndspec</subfield>
    </datafield>
    <datafield tag="079" ind1=" " ind2=" ">
      <subfield code="a">g</subfield>
      <subfield code="q">a</subfield>
      <subfield code="q">f</subfield>
    </datafield>
    <datafield tag="100" ind1="1" ind2=" ">
      <subfield code="a">Hoym, Christian Julius &#152;von&#156;</subfield>
      <subfield code="d">1586-1656</subfield>
    </datafield>
    <datafield tag="400" ind1="1" ind2=" ">
      <subfield code="a">Hoym, Christianus Julius &#152;ab&#156;</subfield>
      <subfield code="d">1586-1656</subfield>
    </datafield>
    <datafield tag="400" ind1="1" ind2=" ">
      <subfield code="a">Hoym, Christianus Iulius &#152;ab&#156;</subfield>
      <subfield code="d">1586-1656</subfield>
    </datafield>
    <datafield tag="400" ind1="1" ind2=" ">
      <subfield code="a">Hoym, Christian-Julius &#152;de&#156;</subfield>
      <subfield code="d">1586-1656</subfield>
    </datafield>
    <datafield tag="400" ind1="1" ind2=" ">
      <subfield code="a">Hoym, Christian-Iulius &#152;de&#156;</subfield>
      <subfield code="d">1586-1656</subfield>
    </datafield>
    <datafield tag="500" ind1="1" ind2=" ">
      <subfield code="0">(DE-101)136170196</subfield>
      <subfield code="0">(DE-588)136170196</subfield>
      <subfield code="0">https://d-nb.info/gnd/136170196</subfield>
      <subfield code="a">Hoym, Christoph &#152;von&#156;</subfield>
      <subfield code="d">1534-1604</subfield>
      <subfield code="4">bezf</subfield>
      <subfield code="4">https://d-nb.info/standards/elementset/gnd#familialRelationship</subfield>
      <subfield code="w">r</subfield>
      <subfield code="i">Beziehung familiaer</subfield>
      <subfield code="e">Beziehung familiaer</subfield>
      <subfield code="9">v:Vater</subfield>
    </datafield>
    <datafield tag="500" ind1="1" ind2=" ">
      <subfield code="0">(DE-101)137638248</subfield>
      <subfield code="0">(DE-588)137638248</subfield>
      <subfield code="0">https://d-nb.info/gnd/137638248</subfield>
      <subfield code="a">Hoym, Ludwig Gebhard &#152;von&#156;</subfield>
      <subfield code="d">1631-1711</subfield>
      <subfield code="4">bezf</subfield>
      <subfield code="4">https://d-nb.info/standards/elementset/gnd#familialRelationship</subfield>
      <subfield code="w">r</subfield>
      <subfield code="i">Beziehung familiaer</subfield>
      <subfield code="e">Beziehung familiaer</subfield>
      <subfield code="9">v:Sohn</subfield>
    </datafield>
    <datafield tag="548" ind1=" " ind2=" ">
      <subfield code="a">1586-1656</subfield>
      <subfield code="4">datl</subfield>
      <subfield code="4">https://d-nb.info/standards/elementset/gnd#dateOfBirthAndDeath</subfield>
      <subfield code="w">r</subfield>
      <subfield code="i">Lebensdaten</subfield>
    </datafield>
    <datafield tag="551" ind1=" " ind2=" ">
      <subfield code="0">(DE-101)948257865</subfield>
      <subfield code="0">(DE-588)5179003-8</subfield>
      <subfield code="0">https://d-nb.info/gnd/5179003-8</subfield>
      <subfield code="a">Ermsleben</subfield>
      <subfield code="4">ortg</subfield>
      <subfield code="4">https://d-nb.info/standards/elementset/gnd#placeOfBirth</subfield>
      <subfield code="w">r</subfield>
      <subfield code="i">Geburtsort</subfield>
    </datafield>
    <datafield tag="551" ind1=" " ind2=" ">
      <subfield code="0">(DE-101)1009128043</subfield>
      <subfield code="0">(DE-588)7728603-0</subfield>
      <subfield code="0">https://d-nb.info/gnd/7728603-0</subfield>
      <subfield code="a">Droyßig</subfield>
      <subfield code="4">orts</subfield>
      <subfield code="4">https://d-nb.info/standards/elementset/gnd#placeOfDeath</subfield>
      <subfield code="w">r</subfield>
      <subfield code="i">Sterbeort</subfield>
    </datafield>
    <datafield tag="667" ind1=" " ind2=" ">
      <subfield code="a">12</subfield>
    </datafield>
    <datafield tag="667" ind1=" " ind2=" ">
      <subfield code="a">27</subfield>
    </datafield>
    <datafield tag="667" ind1=" " ind2=" ">
      <subfield code="a">VD-17</subfield>
    </datafield>
    <datafield tag="670" ind1=" " ind2=" ">
      <subfield code="a">Wikipedia</subfield>
      <subfield code="u">https://de.wikipedia.org/wiki/Christian_Julius_von_Hoym</subfield>
    </datafield>
    <datafield tag="672" ind1=" " ind2="0">
      <subfield code="a">Graman, Heinrich: Laudum Peregrinationumq[ue] Variarum Relationi Nec non Festivitati Nuptiarum ... Dn. Christiani Iulii ab Hoym &amp; in Hoym ... Sponsi, &amp; ... Giselae ... Dn. Ludovici ab Asseburg senioris ... Filiae, Sponsae, Bonis abibus Wallhusi indictarum ad d. 29. Sept. 1617. ... transmisit Henricus Graman, Romhilda Fr. - 1617</subfield>
    </datafield>
    <datafield tag="672" ind1=" " ind2="0">
      <subfield code="a">Carmina Gratulatoria In Festivitatem Nuptiarum Equestri Et Vetusto generis splendore, virtute, &amp; generosa mentis indole Nobiliß: Viri-Iuvenis, Dn. Christiani Iulii Ab Hoym, In Baronatu Drosicensi Et Dioecesi Hoymensi Haereditarii, Sponsi: Et Nobiliss: Elegentissimaeq[ue] Virginis Giselae, Antiqua Generis Prosapia Et Strenuitate, Multipliciq[ue] rerum usu &amp; experientia praestantißimi Viri, Dn. Ludovici ab Asseburg, In Walhusen, Schermicke, und Hinnenburg Haereditarii, suaviss. dilectiss.q[ue] filiae, Feliciter celebratarum Walhusii, Pridie Michaelis An. 1617. Boni ominis ergo scripta ab amicis. - 1617</subfield>
    </datafield>
    <datafield tag="675" ind1=" " ind2=" ">
      <subfield code="a">Internat. biogr. Index</subfield>
      <subfield code="a">LoC-NA</subfield>
    </datafield>
    <datafield tag="678" ind1=" " ind2=" ">
      <subfield code="b">Erbkämmerer des Fürstentums Halberstadt</subfield>
    </datafield>
    <datafield tag="913" ind1=" " ind2=" ">
      <subfield code="S">pnd</subfield>
      <subfield code="i">a</subfield>
      <subfield code="a">Hoym, Christian Julius /von</subfield>
      <subfield code="0">(DE-588a)115782435</subfield>
    </datafield>
  </record>
